

@inproceedings{Goodfellow2014,
  title = {Generative Adversarial Nets},
  author = {Goodfellow, Ian and Pouget-Abadie, Jean and Mirza, Mehdi and Xu, Bing and Warde-Farley, David and Ozair, Sherjil and Courville, Aaron and Bengio, Yoshua},
  booktitle = {Advances in Neural Information Processing Systems 27},
  pages = {2672--2680},
  year = {2014},
  publisher = {Curran Associates, Inc.}
}

@book{Cover2012,
  title={Elements of information theory},
  author={Cover, Thomas M and Thomas, Joy A},
  year={2012},
  publisher={John Wiley \& Sons}
}

@article{Murray2008,
  title={Notes on the {KL}-divergence between a {Markov} chain and its equilibrium distribution},
  author={Murray, Iain and Salakhutdinov, Ruslan},
  year={2008}
}

@inproceedings{Song2017,
  title = {A-NICE-MC: Adversarial Training for MCMC},
  author = {Song, Jiaming and Zhao, Shengjia and Ermon, Stefano},
  booktitle = {Advances in Neural Information Processing Systems 30},
  pages = {5140--5150},
  year = {2017},
  publisher = {Curran Associates, Inc.}
}

@inproceedings{Kempinska2017,
  title={Adversarial Sequential {Monte} {Carlo}},
  author={Kempinska, Kira and Shawe-Taylor, John},
  booktitle = {Bayesian Deep Learning (NIPS Workshop)},
  year = {2017}
}

@inproceedings{Kuleshov2018,
  title={Accurate Uncertainties for Deep Learning Using Calibrated Regression},
  author={Kuleshov, Volodymyr and Fenner, Nathan and Ermon, Stefano},
  booktitle={International Conference on Machine Learning},
  pages={2801--2809},
  year={2018}
}

@article{Dawid1997,
  title={Prequential Analysis},
  author={Dawid, A Philip},
  journal={Encyclopedia of Statistical Sciences},
  volume={1},
  pages={464--470},
  year={1997},
  publisher={Wiley-Interscience}
}

@inproceedings{Kull2017,
  title = 	 {Beta calibration: a well-founded and easily implemented improvement on logistic calibration for binary classifiers},
  author = 	 {Meelis Kull and Telmo Silva Filho and Peter Flach},
  booktitle = 	 {Proceedings of the 20th International Conference on Artificial Intelligence and Statistics},
  pages = 	 {623--631},
  year = 	 {2017},
  volume = 	 {54},
  series = 	 {Proceedings of Machine Learning Research},
  publisher = 	 {PMLR},
}


@inproceedings{Arjovsky2017,
  title = 	 {{Wasserstein} Generative Adversarial Networks},
  author = 	 {Martin Arjovsky and Soumith Chintala and L{\'e}on Bottou},
  booktitle = 	 {Proceedings of the 34th International Conference on Machine Learning},
  pages = 	 {214--223},
  year = 	 {2017},
  volume = 	 {70},
  series = 	 {Proceedings of Machine Learning Research},
  publisher = 	 {PMLR}
}

@article{Radford2015,
  title={Unsupervised representation learning with deep convolutional generative adversarial networks},
  author={Radford, Alec and Metz, Luke and Chintala, Soumith},
  journal={arXiv preprint arXiv:1511.06434},
  year={2015}
}

